@article{salton1988term,
  title={Term-weighting approaches in automatic text retrieval},
  author={Salton, Gerard and Buckley, Christopher},
  journal={Information processing \& management},
  volume={24},
  number={5},
  pages={513--523},
  year={1988},
  publisher={Elsevier}
}

@article{salton1973specification,
  title={On the specification of term values in automatic indexing},
  author={Salton, Gerard and Yang, Chung-Shu},
  journal={Journal of documentation},
  volume={29},
  number={4},
  pages={351--372},
  year={1973},
  publisher={MCB UP Ltd}
}

@incollection{quinlan1983learning,
  title={Learning efficient classification procedures and their application to chess end games},
  author={Quinlan, J Ross},
  booktitle={Machine learning},
  pages={463--482},
  year={1983},
  publisher={Springer}
}

@article{lewis1992text,
  title={Text representation for intelligent text retrieval: a classification-oriented view},
  author={Lewis, David D},
  journal={Text-based intelligent systems: current research and practice in information extraction and retrieval},
  pages={179--197},
  year={1992},
  publisher={Lawrence Erlbaum, Hillsdale, NJ}
}

@article{deerwester1990indexing,
  title={Indexing by latent semantic analysis},
  author={Deerwester, Scott C. and Dumais, Susan T and Landauer, Thomas K. and Furnas, George W. and Harshman, Richard A.},
  journal={JAsIs},
  volume={41},
  number={6},
  pages={391--407},
  year={1990}
}

@article{quinlan1986induction,
  title={Induction of decision trees},
  author={Quinlan, J. Ross},
  journal={Machine learning},
  volume={1},
  number={1},
  pages={81--106},
  year={1986},
  publisher={Springer}
}

@inproceedings{moulinier1996text,
  title={Text categorization: a symbolic approach},
  author={Moulinier, Isabelle and Raskinis, Gailius and Ganascia, J},
  booktitle={proceedings of the fifth annual symposium on document analysis and information retrieval},
  pages={87--99},
  year={1996}
}

% Logistic Regression
@article{cooper1994full,
  title={Full text retrieval based on probabilistic equations with coefficients fitted by logistic regression},
  author={Cooper, W and Chen, Aitao and Gey, F},
  journal={NIST SPECIAL PUBLICATION SP},
  pages={57--57},
  year={1994},
  publisher={NATIONAL INSTIUTE OF STANDARDS \& TECHNOLOGY}
}

@book{fuhr1991air,
  title={AIR, X: a rule based multistage indexing system for large subject fields},
  author={Fuhr, Norbert and Hartmann, Stephan and Lustig, Gerhard and Schwantner, Michael and Tzeras, Kostas and Knorz, Gerhard},
  year={1991},
  publisher={Citeseer}
}

@article{hosmer1989applied,
  title={Applied logistic regression. 1989},
  author={Hosmer, David W and Lemeshow, Stanley},
  journal={New York: Johns Wiley \& Sons},
  year={1989}
}

% Conditional Random Field
@inproceedings{ghamrawi2005collective,
  title={Collective multi-label classification},
  author={Ghamrawi, Nadia and McCallum, Andrew},
  booktitle={Proceedings of the 14th ACM international conference on Information and knowledge management},
  pages={195--200},
  year={2005},
  organization={ACM}
}

%Nearest Neighbour
@inproceedings{yang1994expert,
  title={Expert network: Effective and efficient learning from human decisions in text categorization and retrieval},
  author={Yang, Yiming},
  booktitle={Proceedings of the 17th annual international ACM SIGIR conference on Research and development in information retrieval},
  pages={13--22},
  year={1994},
  organization={Springer-Verlag New York, Inc.}
}

@inproceedings{zhang2005k,
  title={A k-nearest neighbor based algorithm for multi-label classification},
  author={Zhang, Min-Ling and Zhou, Zhi-Hua},
  booktitle={Granular Computing, 2005 IEEE International Conference on},
  volume={2},
  pages={718--721},
  year={2005},
  organization={IEEE}
}

@article{zhang2007ml,
  title={ML-KNN: A lazy learning approach to multi-label learning},
  author={Zhang, Min-Ling and Zhou, Zhi-Hua},
  journal={Pattern recognition},
  volume={40},
  number={7},
  pages={2038--2048},
  year={2007},
  publisher={Elsevier}
}

%online
@inproceedings{lewis1996training,
  title={Training algorithms for linear text classifiers},
  author={Lewis, David D and Schapire, Robert E and Callan, James P and Papka, Ron},
  booktitle={Proceedings of the 19th annual international ACM SIGIR conference on Research and development in information retrieval},
  pages={298--306},
  year={1996},
  organization={ACM}
}
@inproceedings{crammer2002new,
  title={A new family of online algorithms for category ranking},
  author={Crammer, Koby and Singer, Yoram},
  booktitle={Proceedings of the 25th annual international ACM SIGIR conference on Research and development in information retrieval},
  pages={151--158},
  year={2002},
  organization={ACM}
}

%Bayesian Classifier and Topic Modelling
@phdthesis{lewis1992representation,
  title={Representation and learning in information retrieval},
  author={Lewis, David Dolan},
  year={1992},
  school={University of Massachusetts}
}

@inproceedings{lewis1994comparison,
  title={A comparison of two learning algorithms for text categorization},
  author={Lewis, David D and Ringuette, Marc},
  booktitle={Third annual symposium on document analysis and information retrieval},
  volume={33},
  pages={81--93},
  year={1994}
}

@inproceedings{mccallum1999multi,
  title={Multi-label text classification with a mixture model trained by EM},
  author={McCallum, Andrew},
  year={1999}
}

@article{nigam2000text,
  title={Text classification from labeled and unlabeled documents using EM},
  author={Nigam, Kamal and McCallum, Andrew Kachites and Thrun, Sebastian and Mitchell, Tom},
  journal={Machine learning},
  volume={39},
  number={2-3},
  pages={103--134},
  year={2000},
  publisher={Springer}
}

@article{rubin2012statistical,
  title={Statistical topic models for multi-label document classification},
  author={Rubin, Timothy N and Chambers, America and Smyth, Padhraic and Steyvers, Mark},
  journal={Machine Learning},
  volume={88},
  number={1-2},
  pages={157--208},
  year={2012},
  publisher={Springer}
}

@inproceedings{nigam1999using,
  title={Using maximum entropy for text classification},
  author={Nigam, Kamal and Lafferty, John and McCallum, Andrew},
  booktitle={IJCAI-99 workshop on machine learning for information filtering},
  volume={1},
  pages={61--67},
  year={1999}
}

@inproceedings{ueda2002parametric,
  title={Parametric mixture models for multi-labeled text},
  author={Ueda, Naonori and Saito, Kazumi},
  booktitle={Advances in neural information processing systems},
  pages={721--728},
  year={2002}
}

% SVM
@book{joachims1998text,
  title={Text categorization with support vector machines: Learning with many relevant features},
  author={Joachims, Thorsten},
  year={1998},
  publisher={Springer}
}
@inproceedings{elisseeff2001kernel,
  title={A kernel method for multi-labelled classification},
  author={Elisseeff, Andr{\'e} and Weston, Jason},
  booktitle={Advances in neural information processing systems},
  pages={681--687},
  year={2001}
}

@article{cortes1995support,
  title={Support-vector networks},
  author={Cortes, Corinna and Vapnik, Vladimir},
  journal={Machine learning},
  volume={20},
  number={3},
  pages={273--297},
  year={1995},
  publisher={Springer}
}

@book{vapnik2000nature,
  title={The nature of statistical learning theory},
  author={Vapnik, Vladimir},
  year={2000},
  publisher={Springer Science \& Business Media}
}

%NonNeg Matrix Factorization
@inproceedings{liu2006semi,
  title={Semi-supervised multi-label learning by constrained non-negative matrix factorization},
  author={Liu, Yi and Jin, Rong and Yang, Liu},
  booktitle={Proceedings of the national conference on artificial intelligence},
  volume={21},
  pages={421},
  year={2006},
  organization={Menlo Park, CA; Cambridge, MA; London; AAAI Press; MIT Press; 1999}
}

%Neural Network
@inproceedings{wiener1995neural,
  title={A neural network approach to topic spotting},
  author={Wiener, Erik and Pedersen, Jan O and Weigend, Andreas S and others},
  booktitle={Proceedings of SDAIR-95, 4th annual symposium on document analysis and information retrieval},
  pages={317--332},
  year={1995},
  organization={Citeseer}
}

@inproceedings{ng1997feature,
  title={Feature selection, perceptron learning, and a usability case study for text categorization},
  author={Ng, Hwee Tou and Goh, Wei Boon and Low, Kok Leong},
  booktitle={ACM SIGIR Forum},
  volume={31},
  pages={67--73},
  year={1997},
  organization={ACM}
}

%Decision Trees
@article{tong1994machine,
  title={Machine learning for knowledge-based document routing (a report on the TREC-2 experiment)},
  author={Tong, Richard M and Appelbaum, Lee A},
  journal={NIST SPECIAL PUBLICATION SP},
  pages={253--253},
  year={1994},
  publisher={Citeseer}
}

& MfOm
@inproceedings{gao2004mfom,
  title={A MFoM learning approach to robust multiclass multi-label text categorization},
  author={Gao, Sheng and Wu, Wen and Lee, Chin-Hui and Chua, Tat-Seng},
  booktitle={Proceedings of the twenty-first international conference on Machine learning},
  pages={42},
  year={2004},
  organization={ACM}
}

%LLSF
@inproceedings{yang1992linear,
  title={A linear least squares fit mapping method for information retrieval from natural language texts},
  author={Yang, Yiming and Chute, Christopher G},
  booktitle={Proceedings of the 14th conference on Computational linguistics-Volume 2},
  pages={447--453},
  year={1992},
  organization={Association for Computational Linguistics}
}


%% WORD EMBEDDINGS
@article{bengio2003neural,
  title={A neural probabilistic language model},
  author={Bengio, Yoshua and Ducharme, R{\'e}jean and Vincent, Pascal and Janvin, Christian},
  journal={The Journal of Machine Learning Research},
  volume={3},
  pages={1137--1155},
  year={2003},
  publisher={JMLR. org}
}
%word2vec
@article{mikolov2013efficient,
  title={Efficient estimation of word representations in vector space},
  author={Mikolov, Tomas and Chen, Kai and Corrado, Greg and Dean, Jeffrey},
  journal={arXiv preprint arXiv:1301.3781},
  year={2013}
}
@inproceedings{mikolov2013distributed,
  title={Distributed representations of words and phrases and their compositionality},
  author={Mikolov, Tomas and Sutskever, Ilya and Chen, Kai and Corrado, Greg S and Dean, Jeff},
  booktitle={Advances in Neural Information Processing Systems},
  pages={3111--3119},
  year={2013}
}
@inproceedings{mikolov2013linguistic,
  title={Linguistic Regularities in Continuous Space Word Representations.},
  author={Mikolov, Tomas and Yih, Wen-tau and Zweig, Geoffrey},
  booktitle={HLT-NAACL},
  pages={746--751},
  year={2013}
}
@article{collobert2011natural,
  title={Natural language processing (almost) from scratch},
  author={Collobert, Ronan and Weston, Jason and Bottou, L{\'e}on and Karlen, Michael and Kavukcuoglu, Koray and Kuksa, Pavel},
  journal={The Journal of Machine Learning Research},
  volume={12},
  pages={2493--2537},
  year={2011},
  publisher={JMLR. org}
}
% 5-gram validity
@article{bottou2014machine,
  title={From machine learning to machine reasoning},
  author={Bottou, L{\'e}on},
  journal={Machine learning},
  volume={94},
  number={2},
  pages={133--149},
  year={2014},
  publisher={Springer}
}
% Improving NLP using word vectors.
@inproceedings{turian2010word,
  title={Word representations: a simple and general method for semi-supervised learning},
  author={Turian, Joseph and Ratinov, Lev and Bengio, Yoshua},
  booktitle={Proceedings of the 48th annual meeting of the association for computational linguistics},
  pages={384--394},
  year={2010},
  organization={Association for Computational Linguistics}
}
% parse context word embedding
@article{levy2014dependencybased,
  title={Dependencybased word embeddings},
  author={Levy, Omer and Goldberg, Yoav},
  journal={Proceedings of the 52nd Annual Meeting of the Association for Computational Linguistics},
  volume={2},
  pages={302--308},
  year={2014}
}

%Hierarchical Softmax
@inproceedings{morin2005hierarchical,
  title={Hierarchical probabilistic neural network language model},
  author={Morin, Frederic and Bengio, Yoshua},
  booktitle={Proceedings of the international workshop on artificial intelligence and statistics},
  pages={246--252},
  year={2005},
  organization={Citeseer}
}
%RTNN Socher
@inproceedings{socher2013recursive,
  title={Recursive deep models for semantic compositionality over a sentiment treebank},
  author={Socher, Richard and Perelygin, Alex and Wu, Jean Y and Chuang, Jason and Manning, Christopher D and Ng, Andrew Y and Potts, Christopher},
  booktitle={Proceedings of the conference on empirical methods in natural language processing (EMNLP)},
  volume={1631},
  pages={1642},
  year={2013},
  organization={Citeseer}
}
Compositional Representations
@article{mitchell2010composition,
  title={Composition in distributional models of semantics},
  author={Mitchell, Jeff and Lapata, Mirella},
  journal={Cognitive science},
  volume={34},
  number={8},
  pages={1388--1429},
  year={2010},
  publisher={Wiley Online Library}
}
@inproceedings{zanzotto2010estimating,
  title={Estimating linear models for compositional distributional semantics},
  author={Zanzotto, Fabio Massimo and Korkontzelos, Ioannis and Fallucchi, Francesca and Manandhar, Suresh},
  booktitle={Proceedings of the 23rd International Conference on Computational Linguistics},
  pages={1263--1271},
  year={2010},
  organization={Association for Computational Linguistics}
}
@inproceedings{yessenalina2011compositional,
  title={Compositional matrix-space models for sentiment analysis},
  author={Yessenalina, Ainur and Cardie, Claire},
  booktitle={Proceedings of the Conference on Empirical Methods in Natural Language Processing},
  pages={172--182},
  year={2011},
  organization={Association for Computational Linguistics}
}
@article{grefenstette2013multi,
  title={Multi-step regression learning for compositional distributional semantics},
  author={Grefenstette, Edward and Dinu, Georgiana and Zhang, Yao-Zhong and Sadrzadeh, Mehrnoosh and Baroni, Marco},
  journal={arXiv preprint arXiv:1301.6939},
  year={2013}
}
%Doc Mikolov
@article{le2014distributed,
  title={Distributed representations of sentences and documents},
  author={Le, Quoc V and Mikolov, Tomas},
  journal={arXiv preprint arXiv:1405.4053},
  year={2014}
}
%NCE
@inproceedings{mnih2013learning,
  title={Learning word embeddings efficiently with noise-contrastive estimation},
  author={Mnih, Andriy and Kavukcuoglu, Koray},
  booktitle={Advances in Neural Information Processing Systems},
  pages={2265--2273},
  year={2013}
}
@article{gutmann2012noise,
  title={Noise-contrastive estimation of unnormalized statistical models, with applications to natural image statistics},
  author={Gutmann, Michael U and Hyv{\"a}rinen, Aapo},
  journal={The Journal of Machine Learning Research},
  volume={13},
  number={1},
  pages={307--361},
  year={2012},
  publisher={JMLR. org}
}
%importance-sampling
@inproceedings{bengio2003quick,
  title={Quick training of probabilistic neural nets by importance sampling},
  author={Bengio, Yoshua and Sen{\'e}cal, Jean-S{\'e}bastien and others},
  booktitle={AISTATS Conference},
  year={2003}
}
@article{bengio2008adaptive,
  title={Adaptive importance sampling to accelerate training of a neural probabilistic language model},
  author={Bengio, Yoshua and Senecal, J-S},
  journal={Neural Networks, IEEE Transactions on},
  volume={19},
  number={4},
  pages={713--722},
  year={2008},
  publisher={IEEE}
}
%NCE-Bengio
@article{mnih2012fast,
  title={A fast and simple algorithm for training neural probabilistic language models},
  author={Mnih, Andriy and Teh, Yee Whye},
  journal={arXiv preprint arXiv:1206.6426},
  year={2012}
}

%Collective Embeddings
@article{gupta2015collectively,
  title={Collectively Embedding Multi-Relational Data for Predicting User Preferences},
  author={Gupta, Nitish and Singh, Sameer},
  journal={arXiv preprint arXiv:1504.06165},
  year={2015}
}
%MT
@inproceedings{zou2013bilingual,
  title={Bilingual Word Embeddings for Phrase-Based Machine Translation.},
  author={Zou, Will Y and Socher, Richard and Cer, Daniel M and Manning, Christopher D},
  booktitle={EMNLP},
  pages={1393--1398},
  year={2013}
}

%CMF
@inproceedings{singh2008relational,
  title={Relational learning via collective matrix factorization},
  author={Singh, Ajit P and Gordon, Geoffrey J},
  booktitle={Proceedings of the 14th ACM SIGKDD international conference on Knowledge discovery and data mining},
  pages={650--658},
  year={2008},
  organization={ACM}
}
